<?xml version="1.0" encoding="UTF-8"?><collection xmlns="http://www.loc.gov/MARC21/slim"><record><leader>00458nam--2200145-i-4500</leader><controlfield tag="001">000000003</controlfield><controlfield tag="002">20161230</controlfield><controlfield tag="005">20170117134034</controlfield><controlfield tag="008">060222s1000------------r-----000-0-eng-d</controlfield><datafield ind1=" " ind2=" " tag="080"><subfield code="a">541.64:539.16:678</subfield></datafield><datafield ind1=" " ind2=" " tag="245"><subfield code="a">Radiatiile radioactive in chimia macromoleculelor.Traduceri din literatura sovietica de specialitate si articole romanesti</subfield></datafield><datafield ind1=" " ind2=" " tag="260"><subfield code="a">Bucuresti</subfield><subfield code="b">I.S.R.S</subfield></datafield><datafield ind1=" " ind2=" " tag="700"><subfield code="a">Furnica, Gheorghe</subfield></datafield><datafield ind1=" " ind2=" " tag="852"><subfield code="a">8448</subfield><subfield code="c">541.15</subfield></datafield><datafield ind1=" " ind2=" " tag="CAT"><subfield code="a">SYS</subfield><subfield code="c">20170117</subfield><subfield code="h">134034</subfield></datafield></record></collection>